@incollection{
        Chothia10,
        year={2010},
        booktitle={Financial Cryptography and Data Security},
        volume={6052},
        series={Lecture Notes in Computer Science},
        editor={Sion, Radu},
        title={A Traceability Attack against e-Passports},
        publisher={Springer Berlin Heidelberg},
        author={Chothia, Tom and Smirnov, Vitaliy},
        pages={20-34}
}

@inproceedings{
	JUAR2005,
	author = {Juels, Ari and Molnar, David and Wagner, David},
	title = {Security and Privacy Issues in E-passports},
	booktitle = {Proceedings of the First International Conference on Security and Privacy for Emerging Areas in Communications Networks},
	series = {SECURECOMM '05},
	year = {2005},
	isbn = {0-7695-2369-2},
	pages = {74--88},
	numpages = {15},
	url = {http://dx.doi.org/10.1109/SECURECOMM.2005.59},
	doi = {10.1109/SECURECOMM.2005.59},
	acmid = {1128473},
	publisher = {IEEE Computer Society},
	address = {Washington, DC, USA},
} 

@inproceedings{
	CHTOM2010,
	author = {Chothia, Tom and Smirnov, Vitaliy},
	title = {A Traceability Attack Against e-Passports},
	booktitle = {Proceedings of the 14th International Conference on Financial Cryptography and Data Security},
	series = {FC'10},
	year = {2010},
	isbn = {3-642-14576-0, 978-3-642-14576-6},
	location = {Tenerife, Spain},
	pages = {20--34},
	numpages = {15},
	url = {http://dx.doi.org/10.1007/978-3-642-14577-3_5},
	doi = {10.1007/978-3-642-14577-3_5},
	acmid = {2163576},
	publisher = {Springer-Verlag},
	address = {Berlin, Heidelberg},
} 

@inproceedings{
	01HO2006,
	author = {Jaap-henk Hoepman and Engelbert Hubbers and Bart Jacobs and Martijn Oostdijk and Ronny Wichers Schreur},
	title = {Crossing borders: Security and privacy issues of the european e-passport},
	booktitle = {In 1st IWSEC (Kyoto},
	year = {2006},
	pages = {152--167},
	publisher = {Springer}
}

@inproceedings{
	02COPA,
	author = {Yifei Liu and Timo Kasper and Kerstin Lemke-rust and Christof Paar},
	title = {E-Passport: Cracking Basic Access Control Keys with COPACOBANA},
	year = {}
}

@inproceedings{03HENN,
	author = {Henning Richter and Wojciech Mostowski and Erik Poll},
	title = {Fingerprinting Passports},
	year = {}
}

@inproceedings{
	05DABO2009,
	author = {Danev, Boris and Heydt-Benjamin, Thomas S. and \v{C}apkun, Srdjan},
	title = {Physical-layer Identification of RFID Devices},
	booktitle = {Proceedings of the 18th Conference on USENIX Security Symposium},
	series = {SSYM'09},
	year = {2009},
	location = {Montreal, Canada},
	pages = {199--214},
	numpages = {16},
	url = {http://dl.acm.org/citation.cfm?id=1855768.1855781},
	acmid = {1855781},
	publisher = {USENIX Association},
	address = {Berkeley, CA, USA},
}





